@article{impactsTDD,
    author   = "Fahmi Taufiqurrahman and Sri Widowati and Muhammad Johan Alibasa",
    title    = "The Impacts of Test Driven Development on Code Coverage",
    journal  = "International Conference on Software Engineering and Information Technology (ICoSEIT)",
    year     = 2022,
    volume   = 1,
    pages    = "46--50",
}

@article{coverageMetaAnalysis,
    author   = "Maryam Barani and Yvan Labiche and Antonie Rollet",
    title    = "On factors that impact the relationship between code coverage and test suite effectiveness: a survey",
    journal  = "IEEE International Conference on Software Testing, Verification and Validation Workshops (ICSTW)",
    year     = 2023,
    volume   = 15,
    pages    = "381--388",
}

@article{unitTestedCrash,
    author   = "Efstathia Chioteli and Ioannis Batas and Diomidis Spinellis",
    title    = "Does Unit-Tested Code Crash? A Case Study of Eclipse",
    journal  = "Pan-Hellenic Conference on Informatics (PCI)",
    year     = 2021,
    volume   = 25,
    pages    = "260--264",
}

@article{coverageLargeScaleStudy,
    author   = "Pavneet Singh Kochhar and David Lo and Julia Lawall and Nachiappan Nagappan",
    title    = "Code Coverage and Postrelease Defects: A Large-Scale Study on Open Source Projects",
    journal  = "IEEE Transactions on Reliability",
    year     = 2017,
    volume   = 66,
    pages    = "1213--1218",
}

@Book{metodosPesquisa,
  author     = "Debora Azevedo and Lisiane Machado and Lisiane Vasconcellos da Silva",
  title      = "MÉTODOS E PROCEDIMENTOS DE PESQUISA",
  publisher  = "Editora Unisinos",
  year       = 2011,
}

@article{coverageAtGoogle,
    author   = "Marko Ivanković and Goran Petrović and René Just and Gordon Fraser",
    title    = "Code Coverage at Google",
    journal  = "ACM Joint Meeting on European Software Engineering Conference and Symposium on the Foundations of Software Engineering",
    year     = 2019,
    volume   = 27,
    pages    = "995--963",
}

@Book{engSwSommerville,
  author     = "Ian Sommerville",
  title      = "Engenharia de Software",
  publisher  = "Pearson Education do Brasil",
  year       = 2011,
}

@Book{tddBook,
  author     = "Mauricio Aniche",
  title      = "Test-Driven Development",
  publisher  = "Casa do Código",
  year       = 2012,
}

@misc{googleTest,
  author       = "GTEST",
  title        = "Google Test Framework",
  howpublished = {Disponível em: \url{https://github.com/google/googletest}},
  year         = 2023,
  note         = {Acesso em: 15 Nov. 2023}
}

@misc{gcov,
  author       = "GCOV",
  title        = "gcov -- GNU Compiler Coverage Tool",
  howpublished = {Disponível em: \url{https://gcc.gnu.org/onlinedocs/gcc/Gcov.html}},
  year         = 2023,
  note         = {Acesso em: 15 Nov. 2023}
}

@misc{gcc,
  author       = "GCC",
  title        = "GCC Compiler",
  howpublished = {Disponível em: \url{https://gcc.gnu.org}},
  year         = 2023,
  note         = {Acesso em: 15 Nov. 2023}
}

@Book{openIntroStat,
  author     = "David Diez and Mine Çetinkaya-Rundel and Christopher D Barr",
  title      = "OpenIntro Statistics",
  publisher  = "OpenIntro",
  year       = 2019,
}

@misc{bugzilla,
  author       = "BUGZILLA",
  title        = "Bugzilla Issue Tracker",
  howpublished = {Disponível em: \url{https://www.bugzilla.org}},
  year         = 2023,
  note         = {Acesso em: 15 Nov. 2023}
}

@misc{jenkins,
  author       = "JENKINS",
  title        = "Jenkins Automation Server",
  howpublished = {Disponível em: \url{https://www.jenkins.io/}},
  year         = 2023,
  note         = {Acesso em: 15 Nov. 2023}
}

@misc{plotly,
  author       = "PLOTLY",
  title        = "Plotly Open Source Graphing Library for Python",
  howpublished = {Disponível em: \url{https:/https://plotly.com/python/}},
  year         = 2023,
  note         = {Acesso em: 15 Nov. 2023}
}

@misc{scipy,
  author       = "SCIPY",
  title        = "SciPy -- Fundamental algorithms for scientific computing in Python",
  howpublished = {Disponível em: \url{https://docs.scipy.org/}},
  year         = 2023,
  note         = {Acesso em: 15 Nov. 2023}
}

@Book{estudoDeCasoYin,
  author     = "Robert K. Yin",
  title      = "Estudo de Caso",
  publisher  = "Bookman",
  year       = 2001,
}

@Book{projetoDePesquisa,
  author     = "John W. Creswell",
  title      = "Projeto de Pesquisa",
  publisher  = "Bookman",
  year       = 2007,
}

@Book{introTeste,
  author     = "José Carlos Maldonado and Mario Jino and Márcio Delamaro",
  title      = "Introdução ao teste de software",
  publisher  = "Elsevier",
  year       = 2016,
}

@misc{jenkinsCobertura,
  author       = "COBERTURA",
  title        = "Cobertura Jenkins Plugin",
  howpublished = {Disponível em: \url{https://plugins.jenkins.io/cobertura/}},
  year         = 2023,
  note         = {Acesso em: 15 Nov. 2023}
}

@Book{metodosPesquisaSocial,
  author     = "Antonio Carlos Gil",
  title      = "Métodos e Técnicas de Pesquisa Social",
  publisher  = "Atlas",
  year       = 2008,
}
